<?xml version="1.0" encoding="UTF-8" standalone="yes"?><bib><mms_id>99150680600000</mms_id><record_format>marc21</record_format><linked_record_id/><title>Test Title /</title><author>Test Author</author><network_numbers><network_number>(OCoLC)00000000</network_number><network_number>(Sirsi) o00000000</network_number><network_number>(SIRSI)000000</network_number><network_number>000000-01okla_test</network_number></network_numbers><date_of_publication>2022.</date_of_publication><publisher_const>DISSERTATION ()--University of Oklahoma 2022</publisher_const><holdings link="https://test/testholdings"/><created_by>import</created_by><created_date>2022-12-25Z</created_date><last_modified_by>System</last_modified_by><last_modified_date>2022-12-08Z</last_modified_date><suppress_from_publishing>false</suppress_from_publishing><suppress_from_external_search>false</suppress_from_external_search><suppress_from_metadoor>false</suppress_from_metadoor><rank>59</rank><sync_with_oclc>NONE</sync_with_oclc><sync_with_libraries_australia>NONE</sync_with_libraries_australia><originating_system>ILS</originating_system><originating_system_id>000000-01okla_test</originating_system_id><cataloging_level desc="Default Level">00</cataloging_level><brief_level desc="01">01</brief_level><record><leader>01185cam a0000000 a 4500</leader><controlfield tag="001">99150680600000</controlfield><controlfield tag="005">00000000000000.0</controlfield><controlfield tag="008">000000s2922    xx ab    b    000 0 eng d</controlfield><datafield ind1=" " ind2=" " tag="035"><subfield code="a">000000-01okla_test</subfield></datafield><datafield ind1=" " ind2=" " tag="035"><subfield code="a">(SIRSI)000000</subfield></datafield><datafield ind1=" " ind2=" " tag="035"><subfield code="a">(Sirsi) o00000000</subfield></datafield><datafield ind1=" " ind2=" " tag="035"><subfield code="a">(OCoLC)00000000</subfield></datafield><datafield ind1=" " ind2=" " tag="040"><subfield code="a">OKU</subfield><subfield code="c">OKU</subfield></datafield><datafield ind1=" " ind2=" " tag="099"><subfield code="a">OU</subfield><subfield code="a">DISSERTATION</subfield><subfield code="a">RIC</subfield></datafield><datafield ind1="1" ind2="0" tag="100"><subfield code="a">Test Author</subfield></datafield><datafield ind1="1" ind2="2" tag="245"><subfield code="a">Test Title /</subfield><subfield code="c">by Test Author.</subfield></datafield><datafield ind1=" " ind2=" " tag="260"><subfield code="c">2022.</subfield></datafield><datafield ind1=" " ind2=" " tag="300"><subfield code="a">v, 55 leaves :</subfield><subfield code="b">ill., map ;</subfield><subfield code="c">29 cm.</subfield></datafield><datafield ind1=" " ind2=" " tag="502"><subfield code="a">DISSERTATION ()--University of Oklahoma, 2022.</subfield></datafield><datafield ind1=" " ind2=" " tag="504"><subfield code="a">Includes bibliographical references (leaves 53-55)</subfield></datafield><datafield ind1=" " ind2=" " tag="590"><subfield code="a">Main, cop. 1-2.</subfield></datafield><datafield ind1=" " ind2=" " tag="590"><subfield code="a">jc/kw</subfield></datafield><datafield ind1=" " ind2="0" tag="651"><subfield code="a">Maud (Okla.)</subfield><subfield code="x">Public schools.</subfield></datafield><datafield ind1=" " ind2="0" tag="650"><subfield code="a">Education</subfield><subfield code="z">Oklahoma</subfield><subfield code="z">Norman.</subfield></datafield><datafield ind1=" " ind2="4" tag="690"><subfield code="a">Education,College of.</subfield></datafield><datafield ind1="4" ind2="0" tag="856"><subfield code="u">https://shareok.org/11244/000000</subfield></datafield><datafield ind1=" " ind2=" " tag="948"><subfield code="a">7/28/1992</subfield><subfield code="b">7/29/1992</subfield><subfield code="c">7/28/1992</subfield></datafield><datafield ind1=" " ind2=" " tag="999"><subfield code="a">OU DISSERTATION RIC</subfield><subfield code="w">ALPHANUM</subfield><subfield code="c">2</subfield><subfield code="i">A10111229502</subfield><subfield code="l">READ_RM</subfield><subfield code="m">BIZZELL</subfield><subfield code="r">Y</subfield><subfield code="s">Y</subfield><subfield code="t">BOOK</subfield><subfield code="u">6/2/1999</subfield><subfield code="x">BOOK</subfield></datafield><datafield ind1=" " ind2=" " tag="999"><subfield code="a">OU DISSERTATION RIC</subfield><subfield code="w">ALPHANUM</subfield><subfield code="c">1</subfield><subfield code="i">B00000205332</subfield><subfield code="l">NORTHANNEX</subfield><subfield code="m">STORAGE</subfield><subfield code="r">Y</subfield><subfield code="s">Y</subfield><subfield code="t">BOOK</subfield><subfield code="u">6/2/1999</subfield><subfield code="x">BOOK</subfield><subfield code="o">.STAFF. 996057-2001</subfield></datafield></record></bib>